11768876850809432736855576197259136152690727946997879037685332327430964184663197132993122651203540991468023224679274018405019907049538774953694288600562783945764056692550244071440322611074582789176166145701182194505191640336829230812652916453818829070211874661431114216749349872889058690288583089559768662016
59284311961184605783378536827705499092919767140344813424910139395276704670695737507135918752042242565500455402091296215624809268926449367237548517333280305853421724530000551562124439989503418107488717440330390013812485075293028149215498688863126889606441843880377890561326707650737770048625207699876469538816
50227972945306429021545497286418341410680198880441875758649109095835777552842260812389593632985088183129712707860497575791604362474920014502223762053749791645042341633593606882400660427880191525623572153744578729786096400023792926807335843295318894014820462452248250810787003516679471292765512201158009028608
77266207413549671782203457555205934812337778777506781660378869114136393157354500367468615449702226115431504789390022227452447900417279338678680181598838795064685110229602291925005262082898760302321124685017551847167047339453575339425256603961455293017490187976714208350459342888853843867030323163807115902976
130249427314096616516084706013534363605524923870091127717108358952505875180379063174381039816511532749000071337990478033293484813937775443724561396686282882754100751652116593812770141493739822373572130067429772438666154653926644895774576791734693749269495442884062198318010175259021777408380954945946076053504
105637356556982118733537181609761929685665072969176514131646192159998704224335015878716092922013147330755880506133542673557258414498316703150337660500617087461603872404632346852714438997065529637873305704268241289364597965686370595740796390953403943202365208774723902079529283584917058943793971701775861809152
39827791855224580067518813351413200120077900125799141379593589778472711186911932380397595931084600597304605359659441155785990458033775775346406501140498482306336305882884983281598798774176813292304072974525133873218069781581268811935276997714977230481707226723722990760779880801117815101798173039557454331904
89735848577816217072910424887717247309638420366868235365365893133104151597641729409891511379030968750870701434248104072852697789800111987704012967653658597648431430652571956149545535476227267747623046750925070573126191707386170988213248587705808583485274382186301453997369453211378610299279182493214549475328
11307118367190603057477408214917572769790595718391364293007987634314567790556302622620264119452268268910934155914980187237736221876368659854847253212057362695461597979001142735490533689476535621550747431578502940383250357912776006086931842535524504957322454400822111112948125556876971739099516212686534737920
115433289007700212732813188475790310802762894765724584586544169148305919896235849131121208108809093648396886765990605221452726326114072054685868646567628379231186562820724976149038647741087807170410128292449451448929249717022910125781462329189499565053971986215007894662168083828725503318695596339581717315584
16497168130015499083522554922179348331529155233902324522399994497274416499356239190253293350838727269376132383995254623871550847363513930341397730443871759215483829973463719599794535923037874653191858362534610519708153945091311463739774894280195508067400257797866033531683471426154277998130987430967976656896
34959416530539458729204765746600170432163823993118135794211493697761138276493120741792961775111470988056389268718935710539303976105664828516556244723371343652719198192644205970908104064723707814395027766765996181251694315574475229213124684546726318426848132561735250429783040010057291210520176999309674283008
40547987166359123598262583688120885538490000846422866971617532665988140209412420241868999358685209208456250145791978503156205893314669564731764163524484768290755164205380030046268436456798076788663116784530518650649591343448563649683656213280754132129381482773619546217036197371745047919641579895674799915008
49311294520607700194192212328508268204550075084310490603046176735601388619249245049929604703715806517652593127745264303924393958421984189509617136735865285149898043839140498457896308141971612682305384096954278954739832936363427341667714813576334635300815031595477115537149499372688694391916953897122750529536
84721932795574583816712944859046492617366153071306259516638735692379799927676538708629118319892247429322561045531998421271456916009060439058051212527788991344676858086036506036149670380105052194935977018607267449815563959263140914939841140475955457484417127910545366663226844210550805178353752659531550162944
59789355552053432969124936292001764121447483393395523883616994745451716626702287411689708624539506327435599695729654684251590265693528680154274843344960475510909994396839693858867169884199906981044181041759424117385214718246978227244432927670281947816476896112133722142003729052042461739345861736232921333760
83788242039634028902389316331134838488357418564922984173829105937807958303362131222133948590790722155420666673493341066986275692874068547330645476331550317470962967046972075083261128744420911266285965764935906073454392666199869890809134511519359106138354622677267467422018666973246089854009329249844818083840
42905043001401141056949406234778524329060536422824619350953701146945855178394904716653239842375721949132903964352914073518598190414577808805602969667224542152494649989122485790430928451115188300791273726572410610177726696781299118551189899095664474632593444995166192514908001799042386066988663307258818461696
120319561121270310489019838622462823677203078779752730536601389500111234310756967023977875916996859518833622492728357328178803274284631547322290435547156697531150730370108330732485430320616858885512775746866069948130851525638657440958148580745344071033840173419707578183543126300969930159240058386274022588416
33099577569838990392354501145651461929298827134560252333514729785309446674039784117598038551583539953714699253631998342476185189994593459032177987025822802071209586534920044712602749069042569471745718679922608178120470838146440978186688331076662549487524318474123040040799872235827361567897484907031023321088
52435777970146592577292589008151800391489782390872417004013740679937837508452611013281183387086978843508962410655538262763038473723483131755036411999092909935222286052184179103286097009903476820822046701282381905350455732978521042456657159066377612538826834695044948210185520628108876772103419071892641808384
135955477347406293593222291059562234723730402984013638611574541104630046541434496880534668455971655527587044550416036884842591993010813393986773761995790648061570104723938553618666295202759269044064624020260266720599414908900828703815811096064762154789231270823011322539617240295844509180759632823455406096384
67759930947707499574823449048534554188814342456258207924626462398213078055837276400830749519692253343373354405469477081312930078307447421551467880642414935403787156236661991069726158495926022469610235720783586923992037882529525117755666098069621024720507538450578736678625908403348503195790150657159427260416
43254177000638628918564958664583859541608738232358903476342366837999855719288678102376023159191030640363556702675708712084056960376520591267924346570282659247596052724130883805350220448561039420640767798610067758374824514219434165299705333257307203009170266643511660571510206122965961239291528261871127756800
47132520654844531302633229249379779043292562297798942531540476881642648179840361778906332273536145633804219295609427313566850147886955099089634047454524295645319491862413343185744942928172040430254727812897378241504967119440374195761790758640203889445930234811212116761475149471296507501209151105950873026560
35036209896822309811721990081918853099346752652202906803320864337885437996478554085335518335736785561984095933094755773422568637333307311922679668933531314540014206693490556194536950070822761277596755185447783733514949385940090610100552044744106991644610881806820209561569947916282730110495742145790174298112
114608721989790818462560670292342586119641768311083016938102421810669021103567437206670731009816617744424597164382446971236867178153366088304776086492030463748562955987205305661360331874497977778614509895385448272043829786003408403848226136626204249943016220568133080173753001809514711097578099111371821023232
84225914937980649272270927778596550341052618843051708387701203799141093589419925391668119434401198064009712847650343384040602279799666122440343816427389729003181865806300526688367965514932729879166988285322224209826911121485309638272318120106553223254786692412646355308459475491450600306658565637364886011904
18505622265753418619845670302655944816842500809280227271973921435332263066974404456041563991228665599707599991677308170568454497981525035681711902453136813880678180528227967682700941549942097174616065542868798610143949754035742590226693820594077574130725174705834903870527328649420745102592327583700323663872
74311077957917479145730116214803457806984494698577439796911908780358203940393493825915454818697396871636968770447204534438306978686972336827142620075415034652037355541707364220814775039269047127381217963846586640915627929112866473444770679406327609332554454100944126199021512901342769682720034444556715950080
66562421777102204211282306625111493124073418641685794361078296948981069139872270594268403192936218810647178860180036929549414465319490243408273475087397455540889538617292753091681966598823398929806706594225181375958558823400346695982339287876285614325104391845931368065661282029637866803297363976987713994752
104958007095586458167325508075111839044840920488303920043994181194804081778166626899226261266964493105166585032191257943419941204426410027959348809569923801817237107195581021354779961669058918342341340320482727275150018853185013212034112550681671720526544566848096522661221805187014275164227439351070634016768
37745499990375448302274496795996826436979826629116550191413057872277064034872353682244108677581536258743858937939212955111158626510557790319388508868215716928446091272811270641881057926973241461118914802627941568226918237159355318415609656291694846000445800463283552181711912831130161240060817182391692951552
35020018639902609353300332542379314592659543303936763298409310407720477077360115431125453340011781432522840952063102903528861965744748091005333649636601088927228743241112354465812101840779414185246964213529295723478670436825881886674177766311726747459867321118742011409055393134375759289086270725729103642624
63415447179513235739802973065433613902952780553525411861720411515278732741583637814849547120467942454664140735862191299779056620556989389977863584646484238539364539209441140375980060865509844887583881502512225930484446336063661139219325393840194004769133187933614043786278327420530724749606874558363825340416
34611251631958590007347987012792304033067702990625491076634690442473454404162486885624520788914308495049831498168059468609310173249423930490807763091981947948684627494259560124207513300930459220866860645737739146715690261003668119919990504163636897006050509635679242778159683805559975814790508215369251946496
80170837356044990588835621635918115204477564178388396734401736500744800044820481915362469338336663244131067851881461969749869873913685260199080281346626115277953883609197164026130276252242067555606072173350049131790593648163972783098269248508534367390990990541025425444724937122316623696424190372225572929536
47185011896578149434266234473843793503285271827785766187047863339673633706355897283790306799691758953782141968539426484521278211422030727852807783662178567326602197665568088394399934949098203739372815379926100638924722859869532690878710513119679654100304898385193509152207931320182880276855172386258608455680
48014972753031353268643494924976788872379914700528710331001035086713645552269763439059662076505059686460231232195755121746743900565627568015670709309857078430372283635730516887065884145474212739968872659610261557090087312715107282552665942721968545067204031381702155600711131526131580720531721042617257951232
36179422709794894712337271126054562895127178095478009330284986521779433501778396481318771044415738541422630037957566093095572779133048045623194906052270183865383026328011471714273301034172747120187346015473940251598460372806608608947821511177535804498783557045612531117289367813960570099706796338568834842624
85406883542095935989448171268781530263906165900654119769404785114322986637798141403885812474157557860597563218712883217389727901159750938467199108346544049152088770767359297062296324222253971619384240085659491168106357409558351546758320500674278431915581534627109482150109038856019316943543654156259439935488
69686539599161189307898131919330914290317443228831106517321794331310717000864291462099128702958711910900472810254303730573319016145546615914068174543673637730903426215618136443188609736957482583561953008968070984807756921204816423741213924242456291154756511812226935686816660436905309494294949262237173284864
99284305972119978964249541720121461952720945725282371936267899929762534335983657479647867780172319629143848977859264059040744211519979003446463406629375331070678340230458872635357005491537775700782195571495999551550550691421741192911127122341994871293199672089751793253784995364488818349779260785163356864512
36162483469880430636095280806684976636318566254054943045548315690024447688868949694784067131514243452874665745032841712362285924442625226173594417728522355540084346873888908244216845464030484555080052320252325602724533673817657932693753155299598441971982818730925462078977603982989479312639569494580888862720
147094007337693724556953381651436958051435986412347536965466534066886770357698380954598326554800862958613055355404885729195292724807294524163513792332682295349604975825555596836291725593246391227135593630917553152667131182363058863691654828719415810144521718608680960900731592267038139957755319837240147836928
111503018427725736659045985508969197654755792075290099452303563615933852067819303299924915363148541678512980710447176394398622147452858081245236734009167962281598990195830401274413120871505000597509963595734039831745729623684197432949556348291381205985212590493785572768028411120318593796017039098751727173632
112838301724564121433973555928033330702738209095889860730596203800858235433401538212454613709602199447096440185176070129269760833809398968449626237050229262917434411921782200778918555093350246289742178419455781019235957493195887504142327886530099530354958539600384032882255482473353690268779585466991518941184
21399979749104078627700759144740804896066690167449015777850843665486142755415636507787444019143839676951489313457215183428557257609629298189656826359746397606440811681532205895397023714442975800916903316739751830349113122414214040876036398521295102007688727362105424156328731835286337183528086185269348270080
59584705954856756476039614215959596508453822459350285847372255962851111753086807008877372584186755380518262686309527196937985077783481038563377970787758629515525937422632271494051670895647093074453130358207778617277109246470377470058234762497702347731680879787521179250827420278858982072395848716338874810368
91744420453277646635880004051998456468871473520174336271632345837067433826467447182588419953887885597254385356308577188022229945362268873356700437236266826679991583270745777123547411666103021621800561621386225163823894724755131785918058743782770140993090638756425970744573878505783207803071347287208277049344
25701720067804410489602518149708904530681583948967469337299359561521837969285620605198813031762318947702320107159632832186484736351243165788337745944195103322905123154333849538046887040969030619703848667159096305371621150740054403003276855228462302102746424913880935361706062195066025665490309389098810343424
55072946528977856270120915494673486458333000721838022251958016956477315383088036374255694631562770444600095442131005591219434786390984275311570169343807404202272695672616521876253228609979956747527364606988478988143676800540127120203789696345283817510208554870018363268490914747806454593901073309183854510080
63631352413560600268732416522310153513439278478806703638429039000934313463390227284252490620475854742802531916602410445622950668823501683030334986030462275381842893603195773623463765096557344878495995793771575012388127677316856426764059374723854243472611641724207439625172454243551459256591702928659251724288
24690495045323261998480161901521725293313036045527877507078513979573636700015313097211880142226465809679038712807394963340595882736978361074007048159171901942727608181189833701732497905865938506636033643632123586961480800657783916048946303841204404234488890014043719820872620296924810314758923220419533078528
107643157985650737366492888048317807709795526619461590546597583420053772338977173324784262566339174815190043882791495756996964944451020318783186808676432203711537237351426865934918329950985639428279627002032961924763586482286600407547710426506269386024402701326521836784532647245917229442280108944479307694080
84490872372426257721933460722203897295920758830725770877653263055544239957918197920691718284286620913152971761897810828833842984997058802419856743606296178089065274376850568237173088147753964324573001095114609358207850009387181316526348487045800758121535462950655658926144984570101282151410370457087877578752
50834043263343573298978468088931467136809372301731530495374750422564897068224660580969226322358452394086590133454605052377694051484352511492445740720443011350023105135828312255323105979906451942485742186800430180026722041642229296945834786104847319966502454498567440782485342110614588222200326405249933770752
82923837059051128229308887328921924820815488320871356347587567084167230850578887086126046768386839169576003023915363436552079876655747130035913249099344860434142512775823789891507264357495528171599708095797465570894248822983871270791213716637619190917404733748998890381863212445615740550229086264448134414336
22844790706146113774905716223301541893105025661185530154881818571149615835632226813049881518104640709130105192669286720335727423956456925904616463360276511094132226426988459905641286369342782285271608056106199055125983000883501568564619203328491818011802528200857055769025704941998044978599902304121909149696
9093190012113864438387239688916465643780282929492696076742361431524268817628153600322831021165286447548830797269973823581154937625317621178376584079580066939801252072102602209662333169839651931734725104218462946375237763902121468213924768226281379298129881779151847671538071996390593116160765157340671377408
24264643960933411171396768571418266603898869722993729141547405639849808953187550445154529293422151062593616079934992910165384747546403529264854844031460962309750735496402611177306593462743881760302279571435276080338787307461618622542108280667739499695323808841849740903814414330503076392485205612990140776448
7227755797625954913197920874244214967925832184695709481935708871169796994809514742179607494448778508797732907700802313071077401018663477365064475873308514092190889761962452022199492880026069835762790709739773672476839351437737796356399426494559009166927211351117750277291128471210189243848417882593743077376
16872050365121234544254861589066799491424188433000460270850802217683612786719007123885796264205237861151628427883965134111018743730432558831167924810970720963656419489438280631613255342882931613427316604498757189178349704078555737487648746854321085265338254389108799222762706496706398489556022629470073520128
61379964652026085874226859040822389104498924311734656298887078050856850607814327136673043685161545536055562319106398765133574130352497829489472213572916843818212781561198051898440265648761389769378604543457706824696699697486534332252418320065358712796923472050761451135250962353344027756161360731143413956608
517176808798749752894967964354277297316645585095443514766240083345085133440585082428658816535208278260560456547112275311437264946177463138811341849269026563754767901564431641057896882885462521110785011613486696308020773124625265140644031937332106781427020876272140723994499989421058728693413417349237702656
55963229136072018604772654927615069555600210961567001690003153921320522516908897937437100676960103031097952718847314700773974758976270875811287077261674477524203472113471923201265973183014292682028847332950290478429889783077231690248122480801691824164829001633660650993657591491344520219847328661472525942784
60123824333500535988891921517326280883864747628589826593407617385336891553298681830012446866980650995934800373025844108523416263287275311189361778200625575745736108999663663137381574972931185706746172606811907757041032718759898540704860923699343051177762271616303878033882099155197849587094490717600778027008
66414539285209241145429529070179650404124263566687021751290275566998199213665112310346540273148482130194437876644168550088062783439093690298849608581302876514612339714191548108780328580163011421242872613111023998002413875364689885458510499012907929325900472469049636899590119065737091581462394550286978908160
27841730487968861225463105466195920867820297977359164673565564803976396617507992928167002573888784511618854874590988371599195788973431758629598867994096297926536454459257370159230651104461838700385293442975128521643233402451788515891265713938157099369385242149114736268563092411037730885200470858515448070144
59145471178525970152347819341527600254962680381561885144229416715723726265393523305337585036604137107641913980441797246051187407584346777692167199441076285117290185494588012991882523515588167627920519351382051369408016336433128071541441405399512631684176536699899728431929751423014651052135815974511215378432
12737325825856631527253775627676628782308192351650361500688971646832338095666412109676868040977456291835944590345699080123765177289625262436482421216831590871623011477959423086974461588506286992277019842691023822149098316686263761486553617523741097169561671361889393975005059149934579148148379965516177997824
109215060358484692129144168231371049581623445268013443396592524958704597507665946396396590860905593595047768991970559114378078613550983451961327239453694484777239857546912904921127817875805659059320951418406643223164572458053786064901478006487064368710012469882331677652670789041004916346802979078067965657088
19993423801962495030528716632636915049735271785263967706483322162002875854910864108454223252328856520054058961115612769863456379620718600731196490414562254056854739299892175180542966138820816643831332694474241064387024661328577205092899029849587189062039447082765077612413467998040039652261984942413360136192
38189590366756125859544449961872469354607221378875500881401853168591746967450595985552397080666707374983149139455385726081357360914683921257980098974069926120263363962272882906535826612529867404189996837672386700995012145803997152658993676104103930872598377401985453652925135545297120280743388494106206404608
38255938055805630002457675071420838556362742617146395532564871696236662765288873450050871155534804247349190271460198720803445564149805387782533586325839112274513393326685077951783697380955022994995423618433283546099926149415537229982940887522861655076981230666353146225188956388768104907646807627271434665984
92697114053161825873112312353962610644384854323513839731848198483544996696133023130803295308073640892742244746849516741591674220409158578611023115800778588645253437917320209766095194122553554533181184354807905995441848597908542595951593472477508722375721873073124163744612186491089456573002539370330453966848
19534390693690866993337961235615439124731525847482439737395351637900592680067424879825366219280061576017288183291883731299329117265534625573394325371250951712173143494251396833220782672822440195004732028608121624855227463540873729476875483460892525227702979728262483496160361227935165669309062383692633079808
24439054719063404327753735844357906706988778612692525789680134965440619661003275318354035311714723655741365189384963578107352228071851341825734087141504545357146152612522724366337699101718242710989219689049358627396624373585824830720272625643909111195703930916521691413078786000083913475150508485960343224320
42034958063812313479101975332934634097721856693617730195036303571226460201503133419189009625537969707236666965698571961752737747078362736718841538148046214486002064353736213919699221230848679620367575860361621716204670926987659186955938503627440583392523326768260162118985819243143216790365273299897919995904
43497809483905395957944328364688414839218019192624364641418138080967339243767787071334978843008055926423018156265337494187954554585335460550274225117396053857115899038261296023144400042055190162001492371001705897155436230274246856573626907757531915221117800959725548925969342456166556371839266256836681007104
21904734817133987524592114724724857155956017172251449181013536997910636367217525455781554459975387891909810216246344409420700297330716609486147130981875828523822187658494162548141977518393652544438673620864403943477804141633218156590212681728472901286042349441967664463765499269271629024006740614487310598144
48241406200259962477376400099505391608809640704582822163942246810028885268510087606414602729298480813104882337866418909835026354375242635518301911318410597564694898779524431640424376020489637216197111412549608568509766988393361242178347105624136115839066008068684698329684044893586832531159483473055491031040
61347357255046878288559817272917949375003867347019404172583068071338985332954259021531641499657514622846132803394969986336223889761245857669023484614692683949011738044166063467515514266940138136147974935799890336637235324511673671603877065805435049586899931006606270441557838282043335051273932086483911442432
92695074065017745155442830499037321781766761346634557628173881847966217172081464549477643420324315685472387392778311814655853457611007007469160273648215427622008529851374520637575589799143372139496722305905691601202130499030088614277563903368293400348470251362025199141613342249578697053952231569720246009856
127974116662262124855589222886654298589210053244296357454405355265888966637207136336219506226257400775831551570290918020293520027082882232981748714139807499105396367206476318874616527972744964880752139769322547213289408221587272321126751858369559595370929027630396166338360360995868522109045501099229428318208
87832175441752778388760682114179924766728972881318195050234276785127901961738466652154922370749585395573775767761308518350838281011940049090158871727288303888851643794150878916622546847729044059951192538218973492244659144654555259968757211454700356677854035481933329378964185899509034020642242895585055080448
9456393785847448653423415536004968031021708154785135724020863943570218250867101157446844886090967670954335658935748704369152251192298411535805416949714836312941284095910013622218262035526425628794145334260704654958232645987093985859109481128415328773483144981646362085472251108850043656850522723969958674432
11810784218817609442374698068617759552079498752228985873052594295122699629948761529293980054769055315408409584195171493126095808910447219386354559763419198550435200712348472552040816027056298671785972356357926949387333046383143742892504071481643488880493301659678835204169807020159101860663960852259305160704
3441319216023492186385419536062974788363789028216677491096602495574485470973389061006562705782199257089209942921085137396461085343488459769176597686652807712177786232498433340134485830191347375916303902564775849167896193774007284605723559863703102299024906107308071901426851465162985592150601176062426611712
55544550879224293849278806167204390073365971471437035621143916838092452797659833522715593369183870053527171665460632349024577835517202444046266840758399035687890996431532742761351348897504038714592690240511646716622034170614567178005144717765369776032483801381453892059225662672823788152049197748864291962880
6944983987886209420295494473660376398100132256904263408230406644162143482302264185962098392416992798192775351188133245987894961724477131830235147665139714858132140066597705141987191821982974454472479826670982879453139594545512330161783076214830505121693698324336119849725143057972728036314013130644495794176
93656030601052221595505108318875802422634377778745108537782869032607638472719531827983059645430063745041112426197519254318341276534282022542073323740995569902138141029236873793725689325692577349333629197139168845429012247742462826200259513088624040733663083095771223127931936895202256862793741493414867763200
140609880143979969208479424419725754735944632483869271219176010968062299422222894299447844804510926264926176716699209046938225153734300632126730635350269976209931495782659424027782499148518129623992507012745189151697986793717781655468831990790295763089645703481612117383061758536378247677549400498061256425472
81601011341510965795795083236053453316095705165190903498913526905743193749846389503289185205960979211726710121713942866601331783061255642456529273178994924531642203277171999179948601793569535531268689288071293106040092451550298703646716201915308088114402898701226630381360024802058553984393805360082865618944
14580504535512389472974017406377182166099843380419374277991283897104009928359681490652235196653975550392009874751473510953891421440543539061091381572980442244545898357541784686649892974914212324648174313495857426190839235706032127217903418667420434108985288775022915917028667523349493754414530885065539321856
23680669677866733016472395683084206964624912344393932756854490227748272270604601755846167397977407064621247273432943919177068835571752482580550527573337742212048838444015251087615673244030288254469989074089357603726835128295598610142373783965578542571447300373383121053568277503615427661754700977362599673856
18030311258222362127241267852145042795122905804052250254812396511587838397873257135473565044730646518399344309290979912617662056483197855864356420146302285508417561833144242923302517247262328548809503595062227285500978362415558748549500166627814400722487941814215804864476308852991254151625295331834772586496
44374168625024332005803042120663694968173591685865919878132501396305313953805747401507344419682184968245298229216053370663575650512039292996583013530752670885904201181798728127507022698436826516657182499447266912689511295549833631972794027153858297684473648672347062522799358140700502079130877850264908333056
78545253110801854431625025579184613986785427434928631808352226669045163334898500274757036811609294745755348161761739395717992953234923537108069182436823275224577601105486772757621306820792458217421289031929127583969219387633194339349208501005040376297760205927662347850273801529729037538903225024149301755904
58590687326452214209179693217353181025931353250189500800879360880298733525651090905764034436071366394134720608002100800441452420864859876779154017111048085394913512423947245516979433316721447477407495117975833493199428531568301569204948847077349171040350906622714457625506607399953262160412133903290375077888
